@article{goldberg91,
 author = {Goldberg, David},
 title = {What Every Computer Scientist Should Know About Floating-point Arithmetic},
 journal = {ACM Comput. Surv.},
 issue_date = {March 1991},
 volume = {23},
 number = {1},
 month = mar,
 year = {1991},
 issn = {0360-0300},
 pages = {5--48},
 numpages = {44},
 url = {http://doi.acm.org/10.1145/103162.103163},
 doi = {10.1145/103162.103163},
 acmid = {103163},
 publisher = {ACM},
 address = {New York, NY, USA},
 keywords = {NaN, denormalized number, exception, floating-point, floating-point standard, gradual underflow, guard digit, overflow, relative error, rounding error, rounding mode, ulp, underflow},
}

@article{infer,
  title={Moving Fast with Software Verification},
  author={Calcagno, Cristiano and Distefano, Dino and Dubreil, Jeremy and Gabi,
          Dominik and Hooimeijer, Pieter and Luca, Martino and Oâ€™Hearn,
          Peter and Papakonstantinou, Irene and Purbrick, Jim and
          Rodriguez, Dulma}
}
