@article{barr,
 author = {Barr, Earl T. and Vo, Thanh and Le, Vu and Su, Zhendong},
 title = {Automatic Detection of Floating-point Exceptions},
 journal = {SIGPLAN Not.},
 issue_date = {January 2013},
 volume = {48},
 number = {1},
 month = {Jan},
 year = {2013},
 issn = {0362-1340},
 pages = {549--560},
 numpages = {12},
 url = {http://doi.acm.org/10.1145/2480359.2429133},
 doi = {10.1145/2480359.2429133},
 acmid = {2429133},
 publisher = {ACM},
 address = {New York, NY, USA},
 keywords = {floating-point exceptions, symbolic execution},
} 

@INPROCEEDINGS{boldo,
author={Boldo, S. and Filliatre, J.-C.},
booktitle={Computer Arithmetic, 2007. ARITH '07. 18th IEEE Symposium on},
title={Formal Verification of Floating-Point Programs},
year={2007},
month={June},
pages={187-194},
keywords={floating point arithmetic;formal verification;Caduceus;Caduceus first-order logic model;Coq formalization;Coq proof assistant;floating-point C programs;floating-point arithmetic;formal verification;Computational modeling;Floating-point arithmetic;Formal verification;Java;Nuclear physics;Numerical simulation;Programmable logic arrays;Shape;Specification languages},
doi={10.1109/ARITH.2007.20},
ISSN={1063-6889},}

@inproceedings{herbie,
  title={Automatically Improving Accuracy for Floating Point Expressions},
  author={Panchekha, Pavel and Wilcox, James R and Tatlock, Zachary},
  year={2015}
}

@online{disasters,
  author = {Kees Vuik},
  title = {Some disasters caused by numerical errors},
  year = {2006},
  url = {http://ta.twi.tudelft.nl/users/vuik/wi211/disasters.html},
  urldate = {2015-05-10}
}

@article{whateverycomputer,
  title={What every computer scientist should know about floating-point arithmetic},
  author={Goldberg, David},
  journal={ACM Computing Surveys (CSUR)},
  volume={23},
  number={1},
  pages={5--48},
  year={1991},
  publisher={ACM}
}

@inproceedings{numericissues,
  title={Numeric issues in test software correctness},
  author={Hayes, Robert G and Hughes, Gary B and Dorin, Phillip M and Toal, Raymond J},
  booktitle={AUTOTESTCON Proceedings, 2002. IEEE},
  pages={662--677},
  year={2002},
  organization={IEEE}
}

@online{excel,
  title = {Floating-point arithmetic may give inaccurate results in Excel},
  url = {https://support.microsoft.com/en-us/kb/78113},
  urldate = {2015-05-12}
}

@online{raytracer,
  title = {Basic Ray Tracer, Stage 1},
  year = {2012},
  url = {http://renderspud.blogspot.com/2012/04/basic-ray-tracer-stage-1.html},
  urldate = {2015-05-12}
}

@online{ffi,
  title = {libffi - A Portable Foreign Function Interface Library},
  author = {Anthony Green},
  url = {https://sourceware.org/libffi/},
  urldate = {2015-05-12}
}

@online{matinvprogram,
  title = {C Program to Find Inverse of a Matrix},
  url = {http://www.sanfoundry.com/c-program-find-inverse-matrix/},
  urldate = {2015-05-04}
}
@article{verifiedfp,
year={2015},
issn={0168-7433},
journal={Journal of Automated Reasoning},
volume={54},
number={2},
doi={10.1007/s10817-014-9317-x},
title={Verified Compilation of Floating-Point Computations},
url={http://dx.doi.org/10.1007/s10817-014-9317-x},
publisher={Springer Netherlands},
keywords={Floating-point arithmetic; Compiler verification; Semantic preservation; CompCert; Coq},
author={Boldo, Sylvie and Jourdan, Jacques-Henri and Leroy, Xavier and Melquiond, Guillaume},
pages={135-163},
language={English}
}

@online{reallib,
  title = {The RealLib Project},
  author = {Branimir Lambov},
  url = {http://daimi.au.dk/~barnie/RealLib/},
  urldate = {2015-05-12}
}

@online{mpfr,
  title = {GNU MPFR},
  url = {http://www.mpfr.org/},
  urldate = {2015-05-12}
}

@online{lli,
  title = {{lli} - directly execute programs from LLVM bitcode},
  url = {http://llvm.org/docs/CommandGuide/lli.html},
  urldate = {2015-05-14}
}

@online{llvmir,
  title = {{LLVM} Language Reference Manual},
  url = {http://llvm.org/docs/LangRef.html},
  urldate = {2015-05-14}
}